@article{Lang:2016zde,
      author         = "Lang, Rafael F. and Brown, Andrew and Brown, Ethan and Cervantes, Mayra and Macmullin, Sean and Masson, Darryl and Schreiner, Jochen and Simgen, Hardy",
      title          = "{A Rn-220 source for the calibration of low-background experiments}",
      year           = "2016",
      eprint         = "1602.01138",
      archivePrefix  = "arXiv",
      primaryClass   = "physics.ins-det",
      SLACcitation   = "%%CITATION = ARXIV:1602.01138;%%"
}

@article{Miley1997,
author = {Miley, George H. and Sved, John},
doi = {10.1016/S0969-8043(97)00257-1},
issn = {09698043},
journal = {Applied Radiation and Isotopes},
month = {oct},
number = {10-12},
pages = {1557--1561},
title = {{The IEC—A plasma-target-based neutron source}},
url = {http://www.sciencedirect.com/science/article/pii/S0969804397002571},
volume = {48},
year = {1997}
}

@article{Kuchnir1968,
	author="Kuchnir, F.~T. and Lynch, F.~J.",
	journal="IEEE Transactions on Nuclear Science",
	title="Time Dependence of Scintillations and the Effect on Pulse-Shape Discrimination",
	year="1968",
	volume="15",
	number="3",
	pages="107--113",
	doi="10.1109/TNS.1968.4324923",
	ISSN="0018-9499",
	month="June"
}

@article{Brooks1959,
	author = "Brooks, F.~D.",
	doi = "10.1016/0029-554X(59)90067-9",
	issn = "0029554X",
	journal = "Nuclear Instruments and Methods",
	month = "apr",
	number = "3",
	pages = "151--163",
	title = "A scintillation counter with neutron and gamma-ray discriminators",
	url = "http://www.sciencedirect.com/science/article/pii/0029554X59900679",
	volume = "4",
	year = "1959"
}

@article{Corbelli:1999af,
	author			= "Corbelli, Edvige and Salucci, Paolo",
	title			= "The Extended Rotation Curve and the Dark Matter Halo of M33",
	journal			= "Mon. Not. Roy. Astron. Soc.",
	volume			= "311",
	year			= "2000",
	pages			= "441-447",
	doi				= "10.1046/j.1365-8711.2000.03075.x",
	eprint			= "astro-ph/9909252",
	archivePrefix	= "arXiv",
	primaryClass	= "astro-ph",
	SLACcitation	= "%%CITATION = ASTRO-PH/9909252;%%"
}

@article{Hubble:1929,
	author	= "Hubble, E.~P.",
	title	= "A spiral nebula as a stellar system, Messier 31.",
	journal	= {\apj},
	year	= 1929,
	month	= mar,
	volume	= 69,
	pages	= {103-158},
	doi		= {10.1086/143167},
}

@book{Kepler,
	author		= "Kepler, Johannes",
	title		= "Astronomia nova aitiologetos",
	publisher	= "G. Voegelinus",
	address		= "Heidelberg",
	year		= "1609"
}

@ARTICLE{Merritt:2006,
	author	= "Merritt, D. and Graham, A.~W. and Moore, B. and Diemand, J. and Terzi{\'c}, B.",
	title	= "Empirical Models for Dark Matter Halos. I. Nonparametric Construction of Density Profiles and Comparison with Parametric Models",
	journal	= {\aj},
	eprint	= "astro-ph/0509417",
	year	= 2006,
	month	= dec,
	volume	= 132,
	pages	= {2685-2700},
	doi		= {10.1086/508988},
}

@article{Milgrom:1983,
	author		= "Milgrom, M.",
	title		= "A modification of the Newtonian dynamics as a possible alternative to the hidden mass hypothesis",
	journal		= {\apj},
	keywords	= "Cosmology, Galactic Structure, Nonrelativistic Mechanics, Stellar Motions, Particle Acceleration, Solar System",
	year		= 1983,
	month		= jul,
	volume		= 270,
	pages		= {365-370},
	doi			= {10.1086/161130},
}
@article{Moffat:2005si,
	author			= "Moffat, J. W.",
	title			= "Scalar-tensor-vector gravity theory",
	journal			= "JCAP",
	volume			= "0603",
	year			= "2006",
	pages			= "004",
	doi				= "10.1088/1475-7516/2006/03/004",
	eprint			= "gr-qc/0506021",
	archivePrefix	= "arXiv",
	primaryClass	= "gr-qc",
	SLACcitation	= "%%CITATION = GR-QC/0506021;%%"
}

@ARTICLE{NFW:1997,
	author	= "Navarro, J.~F. and Frenk, C.~S. and White, S.~D.~M.",
	title	= "A Universal Density Profile from Hierarchical Clustering",
	journal	= {\apj},
	eprint	= {astro-ph/9611107},
	year	= 1997,
	month	= dec,
	volume	= 490,
	pages	= {493-508},
}

@article{PenWil:1965a,
	author	= "Penzias, A. A., and Wilson, R. W.",
	title	= "A Measurement Of Excess Antenna Temperature At 4080 Mc/s",
	journal	= "Astrophysical Journal Letters",
	pages	= "419-421",
	year	= "1965",
	volume	= "142",
	doi		= "10.1086/148307"
}

@article{PenWil:1965b,
	author	= "Penzias, Arno A., and Wilson, Robert W.",
	title	= "A Measurement of the Flux Density of CAS A At 4080 Mc/s",
	journal	= "Astrophysical Journal Letters",
	pages	= "1149-1154",
	year	= "1965",
	volume	= "142",
	doi		= "10.1086/148384"
}

@article{Worsley:2014,
	author	= "Worsley, Andrew",
	title	= "The formulation of dynamic Newtonian advanced gravity, DNAg",
	journal	= "Canadian Journal of Physics",
	volume	= {92},
	number	= {11},
	pages	= {1485-1488},
	year	= {2014},
	doi		= {10.1139/cjp-2014-0184},
}

@article{Olive:2014,
	author			= "K.A. Olive and others",
	collaboration	= "Particle Data Group",
	title			= "Review of Particle Physics",
	journal			= "Chinese Physics C",
	number			= "38",
	volume			= "090001",
	year			= "2014"
}

@article{Blumenthal:1984,
	author			= "G. R. Blumenthal and S. M. Faber and J. R. Primack and M. J. Rees",
	title			= "Formation of glaxies and large-scale structure with cold dark matter",
	journal			= "Nature",
	year			= "1984",
	volume			= "311",
	number			= "5986",
	doi				= "10.1038/311517a0"
}

@article{Clowe:2006eq,
	author			= "Clowe, Douglas and Bradac, Marusa and Gonzalez, Anthony H. and Markevitch, Maxim and Randall, Scott W. and Jones, Christine and Zaritsky, Dennis",
	title			= "A direct empirical proof of the existence of dark matter",
	journal			= "Astrophys. J.",
	volume         = "648",
	year           = "2006",
	pages          = "L109-L113",
	doi            = "10.1086/508162",
	eprint         = "astro-ph/0608407",
	archivePrefix  = "arXiv",
	primaryClass   = "astro-ph",
	reportNumber   = "SLAC-PUB-12078",
}

@article{2013ApJS,
   author = "{Bennett}, C.~L. and {Larson}, D. and {Weiland}, J.~L. and {Jarosik}, N. and {Hinshaw}, G. and {Odegard}, N. and {Smith}, K.~M. and {Hill}, R.~S. and {Gold}, B. and {Halpern}, M. and {Komatsu}, E. and {Nolta}, M.~R. and {Page}, L. and {Spergel}, D.~N. and {Wollack}, E. and {Dunkley}, J. and {Kogut}, A. and {Limon}, M. and {Meyer}, S.~S. and {Tucker}, G.~S. and {Wright}, E.~L.",
    title = "{Nine-year Wilkinson Microwave Anisotropy Probe (WMAP) Observations: Final Maps and Results}",
  journal = {\apjs},
archivePrefix = "arXiv",
   eprint = {1212.5225},
     year = "2013",
    month = "oct",
   volume = "208",
      eid = {20},
    pages = {20},
      doi = {10.1088/0067-0049/208/2/20}
}

@article{Ade:2015xua,
      author         = "Ade, P. A. R. and others",
      title          = "{Planck 2015 results. XIII. Cosmological parameters}",
      collaboration  = "Planck",
      year           = "2015",
      eprint         = "1502.01589",
      archivePrefix  = "arXiv",
      primaryClass   = "astro-ph.CO",
      SLACcitation   = "%%CITATION = ARXIV:1502.01589;%%"
}

@article{Jungman:1995df,
      author         = "Jungman, Gerard and Kamionkowski, Marc and Griest, Kim",
      title          = "{Supersymmetric dark matter}",
      journal        = "Phys. Rept.",
      volume         = "267",
      year           = "1996",
      pages          = "195-373",
      doi            = "10.1016/0370-1573(95)00058-5",
      eprint         = "hep-ph/9506380",
      archivePrefix  = "arXiv",
      primaryClass   = "hep-ph",
      reportNumber   = "SU-4240-605, UCSD-PTH-95-02, IASSNS-HEP-95-14, CU-TP-677",
      SLACcitation   = "%%CITATION = HEP-PH/9506380;%%"
}

@article{2009PhRvD,
   author = "{Visinelli}, L. and {Gondolo}, P.",
    title = "{Dark matter axions revisited}",
  journal = {\prd},
archivePrefix = "arXiv",
   eprint = {0903.4377},
 primaryClass = "astro-ph.CO",
 keywords = {Axions and other Nambu-Goldstone bosons, Dark matter},
     year = 2009,
    month = aug,
   volume = 80,
   number = 3,
      eid = {035024},
    pages = {035024},
      doi = {10.1103/PhysRevD.80.035024}
}

@article{Boyarsky:2009ix,
      author         = "Boyarsky, Alexey and Ruchayskiy, Oleg and Shaposhnikov, Mikhail",
      title          = "{The Role of sterile neutrinos in cosmology and astrophysics}",
      journal        = "Ann. Rev. Nucl. Part. Sci.",
      volume         = "59",
      year           = "2009",
      pages          = "191-214",
      doi            = "10.1146/annurev.nucl.010909.083654",
      eprint         = "0901.0011",
      archivePrefix  = "arXiv",
      primaryClass   = "hep-ph",
      SLACcitation   = "%%CITATION = ARXIV:0901.0011;%%"
}

@article{Agnes:2015ftt,
      author         = "Agnes, P. and others",
      title          = "{Low Radioactivity Argon Dark Matter Search Results from the DarkSide-50 Experiment}",
      collaboration  = "DarkSide",
      year           = "2015",
      eprint         = "1510.00702",
      archivePrefix  = "arXiv",
      primaryClass   = "astro-ph.CO",
      reportNumber   = "FERMILAB-PUB-15-436-AE-E",
      SLACcitation   = "%%CITATION = ARXIV:1510.00702;%%"
}

% Geant4
@article{Geant4,
	title = "{Geant4 - a simulation toolkit}",
	journal = "Nuclear Instruments and Methods in Physics Research Section A: Accelerators, Spectrometers, Detectors and Associated Equipment ",
	volume = "506",
	number = "3",
	pages = "250 - 303",
	year = "2003",
	note = "",
	issn = "0168-9002",
	doi = "http://dx.doi.org/10.1016/S0168-9002(03)01368-8",
	author = "S. Agostinelli and J. Allison and K. Amako and J. Apostolakis and H. Araujo and P. Arce and M. Asai and D. Axen and S. Banerjee and G. Barrand and F. Behner and L. Bellagamba and J. Boudreau and L. Broglia and A. Brunengo and H. Burkhardt and S. Chauvie and J. Chuma and R. Chytracek and G. Cooperman and G. Cosmo and P. Degtyarenko and A. Dell'Acqua and G. Depaola and D. Dietrich and R. Enami and A. Feliciello and C. Ferguson and H. Fesefeldt and G. Folger and F. Foppiano and A. Forti and S. Garelli and S. Giani and R. Giannitrapani and D. Gibin and J.J. Gómez Cadenas and I. González and G. Gracia Abril and G. Greeniaus and W. Greiner and V. Grichine and A. Grossheim and S. Guatelli and P. Gumplinger and R. Hamatsu and K. Hashimoto and H. Hasui and A. Heikkinen and A. Howard and V. Ivanchenko and A. Johnson and F.W. Jones and J. Kallenbach and N. Kanaya and M. Kawabata and Y. Kawabata and M. Kawaguti and S. Kelner and P. Kent and A. Kimura and T. Kodama and R. Kokoulin and M. Kossov and H. Kurashige and E. Lamanna and T. Lampén and V. Lara and V. Lefebure and F. Lei and M. Liendl and W. Lockman and F. Longo and S. Magni and M. Maire and E. Medernach and K. Minamimoto and P. Mora de Freitas and Y. Morita and K. Murakami and M. Nagamatu and R. Nartallo and P. Nieminen and T. Nishimura and K. Ohtsubo and M. Okamura and S. O'Neale and Y. Oohata and K. Paech and J. Perl and A. Pfeiffer and M.G. Pia and F. Ranjard and A. Rybin and S. Sadilov and E. Di Salvo and G. Santin and T. Sasaki and N. Savvas and Y. Sawada and S. Scherer and S. Sei and V. Sirotenko and D. Smith and N. Starkov and H. Stoecker and J. Sulkimo and M. Takahata and S. Tanaka and E. Tcherniaev and E. Safai Tehrani and M. Tropeano and P. Truscott and H. Uno and L. Urban and P. Urban and M. Verderi and A. Walkden and W. Wander and H. Weber and J.P. Wellisch and T. Wenaus and D.C. Williams and D. Wright and T. Yamada and H. Yoshida and D. Zschiesche",
}

% LUX first results
@article{Akerib:2013tjd,
	author			= "Akerib, D.S. and others",
	title			= "{First results from the LUX dark matter experiment at the Sanford Underground Research Facility}",
	collaboration	= "LUX",
	journal			= "Phys.Rev.Lett.",
	volume			= "112",
	pages			= "091303",
	doi				= "10.1103/PhysRevLett.112.091303",
	year			= "2014",
	eprint			= "1310.8214",
	archivePrefix	= "arXiv",
	primaryClass	= "astro-ph.CO",
	SLACcitation	= "%%CITATION = ARXIV:1310.8214;%%",
}

% LZ review
@article{Akerib:2015cja,
	author			= "Akerib, D. S. and others",
	title			= "{LUX-ZEPLIN (LZ) Conceptual Design Report}",
	collaboration	= "LZ",
	year			= "2015",
	eprint			= "1509.02910",
	archivePrefix	= "arXiv",
	primaryClass	= "physics.ins-det",
	reportNumber	= "LBNL-190005",
}

@article{Akerib:2015rjg,
      author         = "Akerib, D. S. and others",
      title          = "{Improved WIMP scattering limits from the LUX experiment}",
      collaboration  = "LUX",
      year           = "2015",
      eprint         = "1512.03506",
      archivePrefix  = "arXiv",
      primaryClass   = "astro-ph.CO",
      SLACcitation   = "%%CITATION = ARXIV:1512.03506;%%"
}

% LUX tritium
@article{Akerib:2015wdi,
      author         = "Akerib, D. S. and others",
      title          = "{Tritium calibration of the LUX dark matter experiment}",
      collaboration  = "LUX",
      year           = "2015",
      eprint         = "1512.03133",
      archivePrefix  = "arXiv",
      primaryClass   = "physics.ins-det"
}

 % EXO-200 results
@article{Albert:2015ekt,
      author         = "Albert, J. B. and others",
      title          = "{Search for $2\nu\beta\beta$ decay of $^{136}$Xe to the
                        0$_1^+$ excited state of $^{136}$Ba with EXO-200}",
      collaboration  = "EXO-200",
      year           = "2015",
      eprint         = "1511.04770",
      archivePrefix  = "arXiv",
      primaryClass   = "nucl-ex",
      SLACcitation   = "%%CITATION = ARXIV:1511.04770;%%"
}

% EXO-200 alpha mobility
@article{Albert:2015vma,
	author			= "Albert, J.B. and Auty, D.J. and Barbeau, P.S. and Beck, D. and Belov, V. and others",
	title			= "{Measurements of the ion fraction and mobility of alpha and beta decay products in liquid xenon using EXO-200}",
	year			= "2015",
	eprint			= "1506.00317",
	archivePrefix	= "arXiv",
	primaryClass	= "nucl-ex",
	SLACcitation	= "%%CITATION = ARXIV:1506.00317;%%",
}

% DEAP-3600
@inproceedings{Amaudruz:2014nsa,
	author			= "Amaudruz, P. -A. and others",
	title			= "{DEAP-3600 Dark Matter Search}",
	booktitle		= "International Conference on High Energy Physics 2014",
	address			= "Valencia, Spain",
	month			= "7",
	url				= "http://inspirehep.net/record/1324765/files/arXiv:1410.7673.pdf",
	year			= "2014",
	eprint			= "1410.7673",
	archivePrefix	= "arXiv",
	primaryClass	= "physics.ins-det",
	SLACcitation	= "%%CITATION = ARXIV:1410.7673;%%"
}

% Columbia demonstrator
@article{Aprile:2012jh,
      author         = "Aprile, E. and others",
      title          = "{Performance of a cryogenic system prototype for the XENON1T Detector}",
      journal        = "JINST",
      volume         = "7",
      year           = "2012",
      pages          = "P10001",
      doi            = "10.1088/1748-0221/7/10/P10001",
      eprint         = "1208.2001",
      archivePrefix  = "arXiv",
      primaryClass   = "physics.ins-det",
      SLACcitation   = "%%CITATION = ARXIV:1208.2001;%%"
}

% XE100 225 live days limits
@article{Aprile:2013doa,
	author         = "Aprile, E. and others",
	title          = "{Limits on spin-dependent WIMP-nucleon cross sections from 225 live days of XENON100 data}",
	collaboration  = "XENON100",
	journal        = "Phys.Rev.Lett.",
	number         = "2",
	volume         = "111",
	pages          = "021301",
	doi            = "10.1103/PhysRevLett.111.021301",
	year           = "2013",
	eprint         = "1301.6620",
	archivePrefix  = "arXiv",
	primaryClass   = "astro-ph.CO",
	SLACcitation   = "%%CITATION = ARXIV:1301.6620;%%",
}

% XE1T Monte Carlo
@article{Aprile:2015uzo,
      author         = "Aprile, E. and others",
      title          = "{Physics reach of the XENON1T dark matter experiment}",
      collaboration  = "XENON",
      year           = "2015",
      eprint         = "1512.07501",
      archivePrefix  = "arXiv",
      primaryClass   = "physics.ins-det",
      SLACcitation   = "%%CITATION = ARXIV:1512.07501;%%"
}

% EXO-200 detector
@article{Auger:2012,
	author			= "Auger, M and others",
	title			= "{The EXO-200 detector}",
	journal			= "JINST",
	volume			= "7",
	pages			= "P05010",
	doi				= "10.1088/1748-0221/7/05/P05010",
	year			= "2012",
	eprint			= "1202.2192",
	archivePrefix	= "arXiv",
	primaryClass	= "physics.ins-det",
	SLACcitation	= "%%CITATION = ARXIV:1202.2192;%%",
}

% DARWIN
@article{Baudis:2012,
	author			= "Baudis, L. and others",
	title			= "{DARWIN dark matter WIMP search with noble liquids}",
	collaboration	= "DARWIN",
	journal			= "Journal of Physics Conference Series",
	archivePrefix	= "arXiv",
	eprint			= "1201.2402",
	primaryClass	= "astro-ph.IM",
	year			= "2012",
	month			= "7",
	volume			= "375",
	number			= "1",
	eid				= "012028",
	pages			= "012028",
	doi				= "10.1088/1742-6596/375/1/012028",
	adsurl			= "http://adsabs.harvard.edu/abs/2012JPhCS.375a2028B",
	adsnote			= "Provided by the SAO/NASA Astrophysics Data System"
}

% Borexino BiPo
@article{Bellini:2012qg,
	author         = "Bellini, G. and others",
	title          = "{Lifetime measurements of $^{214}$Po and $^{212}$Po with the CTF liquid scintillator detector at LNGS}",
	collaboration  = "Borexino",
	journal        = "Eur.Phys.J.",
	volume         = "A49",
	pages          = "92",
	doi            = "10.1140/epja/i2013-13092-9",
	year           = "2013",
	eprint         = "1212.1332",
	archivePrefix  = "arXiv",
	primaryClass   = "nucl-ex",
	reportNumber   = "FERMILAB-PUB-12-934-A",
	SLACcitation   = "%%CITATION = ARXIV:1212.1332;%%",
}

% Heidelberg Ge detectors
@inproceedings{Budjas:1,
	author		= "D. Budj{\'a}{\v s} and others",
	title		= "{Highly Sensitive Gamma-Spectrometers of GERDA for Material Screening: Part II}",
	publisher	= "Proc 14th Intern. School, Particles and Cosmology",
	address		= "Baksan, Russia",
	month		= "4",
	year		= "2007",
	editor		= "S. V. Demidov, V. A. Matveev, V. A. Rubakov",
	eprint		= "0812.0768"
}

@article{Budjas:2,
	author	= "D. Budj{\'a}{\v s} and M. Heisel and W. Maneschg and H. Simgen",
	title	= "{Optimisation of the MC-model of a p-type Ge spectrometer for the purpose of effciency determination}",
	journal	= "App. Rad. Isot.",
	year	= "2009",
	pages	= "706-710",
	volume	= "67",
	edition	= "5"
}

% ArDM-1t first observations
@article{Calvo:2015uln,
      author         = "Calvo, J. and others",
      title          = "{Status of ArDM-1t: First observations from operation with a full ton-scale liquid argon target}",
      collaboration  = "ArDM",
      year           = "2015",
      eprint         = "1505.02443",
      archivePrefix  = "arXiv",
      primaryClass   = "physics.ins-det",
      SLACcitation   = "%%CITATION = ARXIV:1505.02443;%%"
}

@article{Currie:1968,
	author			= "Currie, Lloyd A.",
	title			= "{Limits for Qualitiative Detection and Quantitative Determination: Application to Radiochemistry}",
	journal			= "Analytical Chemistry",
	volume			= "40",
	pages			= "586-593",
	year			= "1968",
	doi				= "10.1021/ac60259a007"
}

@article{Franco:2015pha,
	author         = "Franco, D. and others",
	title          = "{Solar neutrino detection in a large volume double-phase liquid argon experiment}",
	year           = "2015",
	eprint         = "1510.04196",
	archivePrefix  = "arXiv",
	primaryClass   = "physics.ins-det"
}

% Xe1T heat xchanger
@article{Giboni:2011wx,
	author         = "Giboni, K. L. and Aprile, E. and Choi, B. and Haruyama, T. and Lang, R. F. and Lim, K. E. and Melgarejo, A. J. and Plante, G.",
	title          = "{Xenon Recirculation-Purification with a Heat Exchanger}",
	journal        = "JINST",
	volume         = "6",
	year           = "2011",
	pages          = "P03002",
	doi            = "10.1088/1748-0221/6/03/P03002",
	eprint         = "1103.0986",
	archivePrefix  = "arXiv",
	primaryClass   = "physics.ins-det",
	SLACcitation   = "%%CITATION = ARXIV:1103.0986;%%"
}

% 83mKr
@article{Hannen:2011,
	author			= "Hannen, V. and Aprile, E. and Arneodo, F. and Baudis, L. and Beck, M. and Bokeloh, K. and Ferella, A.~D. and Giboni, K. and Lang, R.~F. and Lebeda, O. and Ortjohann, H.-W. and Schumann, M. and Spalek, A. and Venos, D. and Weinheimer, C.",
	title			= "{Limits on the release of Rb isotopes from a zeolite based $^{83m}$Kr calibration source for the XENON project}",
	journal			= "Journal of Instrumentation",
	archivePrefix	= "arXiv",
	eprint			= "1109.4270",
	primaryClass	= "astro-ph.IM",
	year			= "2011",
	month			= "10",
	volume			= "6",
	pages			= "10013",
	doi				= "10.1088/1748-0221/6/10/P10013",
}

% 83mKr
@article{Kastens:2010,
	author			= "Kastens, L.~W. and Bedikian, S. and Cahn, S.~B. and Manzur, A. and McKinsey, D.~N.",
	title			= "{A $^{83}$Kr$^m$ source for use in low-background liquid Xenon time projection chambers}",
	journal			= "Journal of Instrumentation",
	archivePrefix	= "arXiv",
	eprint			= "0912.2337",
	primaryClass	= "physics.ins-det",
	year			= "2010",
	month			= "5",
	volume			= "5",
	pages			= "5006",
	doi				= "10.1088/1748-0221/5/05/P05006",
}

% 83mKr
@article{Manalaysay:2009yq,
	author			= "Manalaysay, A. and {Marrod\'an Undagoitia}, T. and Askin, A. and Baudis, L. and Behrens, A. and Ferella, A.~D. and Kish, A. and Lebeda, O. and Santorelli, R. and V{\'e}nos, D. and Vollhardt, A.",
	title			= "{Spatially uniform calibration of a liquid xenon detector at low energies using $^{83m}$Kr}",
	journal			= "Review of Scientific Instruments",
	volume			= "81",
	year			= "2010",
	month			= "7",
	number			= "7",
	pages			= "073303",
	doi				= "10.1063/1.3436636",
	eprint			= "0908.0616",
	archivePrefix	= "arXiv",
	primaryClass	= "astro-ph.IM",
}

% double beta review
@article{Pandola:2014naa,
      author         = "Pandola, Luciano",
      title          = "{Status of double beta decay experiments using isotopes other than $^{136}$Xe}",
      booktitle      = "Proceedings, 13th International Conference on Topics in Astroparticle and Underground Physics (TAUP 2013)",
      journal        = "Phys. Dark Univ.",
      volume         = "4",
      year           = "2014",
      pages          = "17-22",
      doi            = "10.1016/j.dark.2014.05.005",
      eprint         = "1403.3329",
      archivePrefix  = "arXiv",
      primaryClass   = "physics.ins-det",
      SLACcitation   = "%%CITATION = ARXIV:1403.3329;%%"
}

% DM detection review
@article{Undagoitia:2015gya,
	author			= "{Marrod\'an Undagoitia}, Teresa and Rauch, Ludwig",
	title			= "{Dark matter direct-detection experiments}",
	journal			= "J. Phys.",
	volume			= "G43",
	year			= "2016",
	number			= "1",
	pages			= "013001",
	doi				= "10.1088/0954-3899/43/1/013001",
	eprint			= "1509.08767",
	archivePrefix	= "arXiv",
	primaryClass	= "physics.ins-det",
	SLACcitation	= "%%CITATION = ARXIV:1509.08767;%%"
}

@article{zuzel_llrmt,
title = "High sensitivity radon emanation measurements ",
journal = "Applied Radiation and Isotopes ",
volume = "67",
number = "5",
pages = "889--893",
year = "2009",
note = "5th International Conference on Radionuclide Metrology - Low-Level Radioactivity Measurement Techniques ICRM-LLRMT'08 ",
issn = "0969-8043",
doi = "http://dx.doi.org/10.1016/j.apradiso.2009.01.052",
url = "http://www.sciencedirect.com/science/article/pii/S0969804309000608",
author = "G. Zuzel and H. Simgen"
}

% XE100 radon
@phdthesis{WeberM:2013,
	author		= "Weber, M.",
	year		= "2013",
	title		= "{Gentle Neutron Signals and Noble Background in the XENON100 Dark Matter Search Experiment}",
	school		= "Ruprecht-Karls-Universit{\"a}t",
	address		= "Heidelberg",
	month		= "7"
}

@book{Firestone,
	title		= "{Table of Isotopes}",
	author		= "Firestone, Richard B. and Shirley, Virginia S.",
	publisher	= "John Wiley \& Sons, Inc.",
	year		= "1998",
	edition		= "8",
	address		= "New York",
	isbn		= "0471149187"
}

@unpublished{Bray,
	author	= "Evan P. Bray and Rafael Lang and Sean MacMullin",
	title	= "{Characterizing New Calibration Sources in Liquid Xenon Dark Matter Searches}",
	note	= "The Purdue Summer Undergraduate Research Fellowship (SURF) Symposium. Paper 18.",
	url		= "http://docs.lib.purdue.edu/surf/2014/presentations/18",
	month	= "8",
	year	= "2014"
}